<?xml version="1.0" encoding="UTF-8"?><collection><record><leader>08430ntm a2200781 a 4500</leader><controlfield tag="001">006813258</controlfield><controlfield tag="003">MiAaHDL</controlfield><controlfield tag="005">20190719000000.0</controlfield><controlfield tag="006">m        d        </controlfield><controlfield tag="007">cr bn ---auaua</controlfield><controlfield tag="008">090604s1677    xx            00| ||ara d</controlfield><datafield tag="035" ind1=" " ind2=" "><subfield code="a">(MiU)006813258</subfield></datafield><datafield tag="035" ind1=" " ind2=" "><subfield code="a">sdr-miu006813258</subfield></datafield><datafield tag="040" ind1=" " ind2=" "><subfield code="a">MiU</subfield><subfield code="c">MiU</subfield><subfield code="e">amremm</subfield></datafield><datafield tag="043" ind1=" " ind2=" "><subfield code="a">n-us-mi</subfield></datafield><datafield tag="100" ind1="0" ind2=" "><subfield code="6">880-01</subfield><subfield code="a">Kemalpaşazade,</subfield><subfield code="d">1468 or 1469-1534.</subfield></datafield><datafield tag="245" ind1="1" ind2="0"><subfield code="6">880-03</subfield><subfield code="a">Muhimmāt Kamāl Pāshā maʻa Badr al-wāʻiẓīn,</subfield><subfield code="f">[ca. 1087, i.e. 1677].</subfield></datafield><datafield tag="246" ind1="3" ind2=" "><subfield code="i">Title from inscription on upper board lining:</subfield><subfield code="a">مهمات ابن كمال باشا</subfield></datafield><datafield tag="246" ind1="3" ind2=" "><subfield code="6">880-06</subfield><subfield code="a">Muhimmāt al-fatāwá</subfield></datafield><datafield tag="246" ind1="3" ind2=" "><subfield code="6">880-05</subfield><subfield code="i">Title in GAL:</subfield><subfield code="a">Muhimmāt al-muftī</subfield></datafield><datafield tag="246" ind1="3" ind2=" "><subfield code="6">880-04</subfield><subfield code="i">Title in Ḥājjī Khalīfah:</subfield><subfield code="a">Muhimmāt fī furūʻ</subfield></datafield><datafield tag="246" ind1="3" ind2=" "><subfield code="i">Edge title (tail):</subfield><subfield code="a">مهمات كمال پاشا مع بدر الواعظين</subfield></datafield><datafield tag="260" ind1=" " ind2=" "><subfield code="c">[ca. 1677].</subfield></datafield><datafield tag="300" ind1=" " ind2=" "><subfield code="a">206 leaves :</subfield><subfield code="b">paper ;</subfield><subfield code="c">205 x 140 (150-160 x 67) mm.</subfield></datafield><datafield tag="500" ind1=" " ind2=" "><subfield code="a">Shelfmark: Ann Arbor, University of Michigan, Special Collections Library, Isl. Ms. 663</subfield></datafield><datafield tag="500" ind1=" " ind2=" "><subfield code="a">Origin: As appears in colophon on p.414, transcription of second work completed in the latter part of Dhū al-Qaʻdah 1087 [February 1677] by Muṣṭafá ibn Muḥammad. Opening work lacks colophon, but likely completed around the same time or slightly later (late 17th century to early 18th century).</subfield></datafield><datafield tag="500" ind1=" " ind2=" "><subfield code="a">Accompanying materials: a. Inventory cataloguing slip in hand of Winifred Smeaton Thomas -- b. Acquisitions slip from Yahuda -- c. Insert carrying notes (paginated pp.183-184).</subfield></datafield><datafield tag="500" ind1=" " ind2=" "><subfield code="a">Former shelfmark: From inner front cover, "IL 375" (likely supplied by Yahuda, see acquisitions slip).</subfield></datafield><datafield tag="500" ind1=" " ind2=" "><subfield code="a">Binding: Pasteboards covered in once marbled paper with dark red-brown leather over spine and edges/turn-ins (as well as now lost fore edge flap, likely, framed binding) ; Type II binding (with flap, now lost) ; board linings in untinted laid paper ; sewn in light cream thread, two stations ; traces of worked headband remain ; overall in somewhat poor condition with loss of flap, significant abrasion, staining, lifting and losses of paper and leather, delamination of boards, etc. ; repair to spine in red leather.</subfield></datafield><datafield tag="500" ind1=" " ind2=" "><subfield code="a">Support: European laid paper of two main types ; opening work (through p.292) mainly on a type with 12 laid lines per cm. (vertical), chain lines spaced 25-27 mm. apart (horizontal), and watermark of scrollwork / arms with three bars (see p.20, 30, 31, etc. and compare Armoiries (16) - A. Indéterminées nos.1-8 dated 1673-1717 in Velkov, Les Filigranes dans les documents Ottomans), well-burnished to glossy, medium cream in color, fairly thin and crisp though sturdy ; final work (from p.293) mainly on a type with 6 laid lines per cm. (vertical), chain lines spaced 29 mm. apart (horizontal), and three crescents watermark (85 mm. long, perpendicular to chains, see p.302, 303, etc.).</subfield></datafield><datafield tag="500" ind1=" " ind2=" "><subfield code="a">Decoration: Section headings, keywords and some abbreviation symbols (mainly two-teeth stroke over keywords) rubricated.</subfield></datafield><datafield tag="500" ind1=" " ind2=" "><subfield code="a">Script: Nastaʻlīq (talik) and naskh ; two elegant hands ; opening work in nastaʻlīq (talik), at least two hands, both compact and elongated in the vertical, virtually serifless with effect of words descending to baseline and of tilt to the left ; following work in a fine naskh, serifless with effect of tilt to the left, slight effect of words descending to baseline, curvilinear descenders, pointing in strokes or conjoined dots, free assimilation of letters, slight contrast in thickness between horizontal and vertical strokes.</subfield></datafield><datafield tag="500" ind1=" " ind2=" "><subfield code="a">Layout: Written in 29 and 19 lines per page ; frame-ruled.</subfield></datafield><datafield tag="500" ind1=" " ind2=" "><subfield code="a">Collation: 13 V(130), III+1 (137), IV (145), 5 V(195), V+1 (206) ; Chiefly quinions ; first work lacks catchwords but in second work last word of final line on the verso of each leaf is usually repeated at the beginning of the first line on the following recto ; foliation in red ink, Hindu-Arabic numerals, distinct for each work ; pagination in pencil, Western numerals, supplied during digitization.</subfield></datafield><datafield tag="500" ind1=" " ind2=" "><subfield code="a">Colophon: "Scribal," triangular, reads: "تم الكتاب بعون الله الملك الوهاب حرره الحقير الفقير المذنب المحتاج الى رحمة الله تعالى مصطفى بن محمد غفر الله له وجعل الجنة مثواه تحريرا في اواخر شهر ذي القعدة الشريفة لسنة سبع وثمانين والف م"</subfield></datafield><datafield tag="500" ind1=" " ind2=" "><subfield code="a">Explicit: [Muhimmāt al-muftī] "فانتقل فعل الابن اليه كما ... ولو استاجر نجارا ليسقط جواره على قارعة الطريق" ; [Badr al-wāʻiẓīn wa-dhukhr al-ʻābidīn] "فكيف لا تزال عند ذكر من هو شفيع المذنبين من امته ما دون من ربه للشعاعة وما هو الما فخر القيامة"</subfield></datafield><datafield tag="500" ind1=" " ind2=" "><subfield code="a">Incipit: [Muhimmāt al-muftī] "كتاب الطهارة الطهارة في اللغة النظافة وفي الشريعة النظافة عن النجاسات ..." ; [Badr al-wāʻiẓīn wa-dhukhr al-ʻābidīn] "المجلس الاول في الايمان قال الله تعالى الله ولي الذين امنوا يخرجهم من الظلمات الى النور والذين كفروا اولياؤهم الطاغوت يخرجهم من النور الى الظلمات اولئك اصحاب النار هم فيها خالدون ايها المؤمنون والعارفون فاختاروا بين الوليين ..."</subfield></datafield><datafield tag="500" ind1=" " ind2=" "><subfield code="a">Title from inscription on 'title page' (p.1).</subfield></datafield><datafield tag="500" ind1=" " ind2=" "><subfield code="a">Ms. composite codex.</subfield></datafield><datafield tag="505" ind1="0" ind2=" "><subfield code="a">2. p.294-p.414 : [Badr al-wāʻiẓīn wa-dhukhr al-ʻābidīn] / Muḥammad ibn ʻAbd al-Laṭīf Ibn Malak al-Rūmī.</subfield></datafield><datafield tag="505" ind1="0" ind2=" "><subfield code="a">2. p.293 : ['title page' for second work, originally left blank, now carries assorted excerpts].</subfield></datafield><datafield tag="505" ind1="0" ind2=" "><subfield code="a">1. p.2-p.292 : [Muhimmāt al-muftī] / Kemalpaşazade.</subfield></datafield><datafield tag="510" ind1="4" ind2=" "><subfield code="a">Velkov, Asparouh. Les Filigranes dans les documents Ottomans: divers types d’images. Sofia: Éditions "Texte - A. Trayanov", 2005.</subfield></datafield><datafield tag="510" ind1="4" ind2=" "><subfield code="a">Ḥājjī Khalīfah. Kashf al-ẓunūn,</subfield><subfield code="c">ii 29</subfield></datafield><datafield tag="510" ind1="4" ind2=" "><subfield code="a">Ḥājjī Khalīfah. Kashf al-ẓunūn,</subfield><subfield code="c">iv 280</subfield></datafield><datafield tag="510" ind1="4" ind2=" "><subfield code="a">Akün, Ömer Faruk. "Firishte-oghlu."</subfield><subfield code="c">EI2, vol.II, p. 923, col.2</subfield></datafield><datafield tag="510" ind1="4" ind2=" "><subfield code="a">Brockelmann, C. GAL,</subfield><subfield code="c">S II 315-16</subfield></datafield><datafield tag="510" ind1="4" ind2=" "><subfield code="a">Brockelmann, C. GAL,</subfield><subfield code="c">II 450 ff. (no.45)</subfield></datafield><datafield tag="520" ind1="8" ind2=" "><subfield code="a">Fine copy of the collection of legal decisions by Kemalpaşazade (d.1534) followed by Badr al-wāʻiẓīn wa-dhukhr al-ʻābidīn, occasionally attributed to Firişteoğlu (Firiştezade) ʻAbd al-Laṭīf ibn ʻAbd al-ʻAzīz al-shahīr bi-Ibn Malak, but more likely by his son Muḥammad ibn ʻAbd al-Laṭīf Ibn Malak al-Rūmī. Contents listing on upper board lining.</subfield></datafield><datafield tag="538" ind1=" " ind2=" "><subfield code="a">Mode of access: Internet.</subfield></datafield><datafield tag="541" ind1=" " ind2=" "><subfield code="a">Acquired in 1926 from the bookseller Isaac Benjamin S.E. Yahuda via purchase transacted on his behalf by his younger brother, the famous Orientalist and manuscript collector Abraham Shalom Yahuda (1877-1951).</subfield></datafield><datafield tag="546" ind1=" " ind2=" "><subfield code="a">Arabic.</subfield></datafield><datafield tag="561" ind1=" " ind2=" "><subfield code="a">Account inscriptions on upper board lining ; extensive glosses ; occasional marginal corrections and notabilia (side-heads), some rubricated.</subfield></datafield><datafield tag="650" ind1=" " ind2="0"><subfield code="a">Manuscripts, Arabic</subfield><subfield code="z">Michigan</subfield><subfield code="z">Ann Arbor.</subfield></datafield><datafield tag="650" ind1=" " ind2="0"><subfield code="a">Islam</subfield><subfield code="x">Doctrines</subfield><subfield code="v">Early works to 1800.</subfield></datafield><datafield tag="650" ind1=" " ind2="0"><subfield code="a">Islamic law</subfield><subfield code="x">Interpretation and construction</subfield><subfield code="v">Early works to 1800.</subfield></datafield><datafield tag="700" ind1="0" ind2=" "><subfield code="6">880-09</subfield><subfield code="a">Muṣṭafā ibn Muḥammad,</subfield><subfield code="d">fl. 1677,</subfield><subfield code="e">scribe.</subfield></datafield><datafield tag="700" ind1="1" ind2="2"><subfield code="6">880-07</subfield><subfield code="a">Ibn Malak, Muḥammad ibn ʻAbd al-Laṭīf,</subfield><subfield code="d">active 14th century-15th century.</subfield><subfield code="t">Badr al-wāʻiẓīn wa-dhukhr al-ʻābidīn.</subfield></datafield><datafield tag="740" ind1="0" ind2="2"><subfield code="6">880-08</subfield><subfield code="a">ذخر العابدين</subfield></datafield><datafield tag="773" ind1="0" ind2=" "><subfield code="a">Yahuda Collection.</subfield></datafield><datafield tag="880" ind1="0" ind2=" "><subfield code="6">700-09/</subfield><subfield code="a">مصطفى بن محمد,</subfield><subfield code="e">ناسخ.</subfield></datafield><datafield tag="880" ind1="0" ind2="2"><subfield code="6">740-08/</subfield><subfield code="a">Dhukhr al-ʻābidīn</subfield></datafield><datafield tag="880" ind1="1" ind2="2"><subfield code="6">700-07/</subfield><subfield code="a">ابن ملك، محمد بن عبد اللطيف.</subfield><subfield code="t">بدر الواعظين وذخر العابدين.</subfield></datafield><datafield tag="880" ind1="3" ind2=" "><subfield code="6">246-06/</subfield><subfield code="a">مهمات الفتاوى</subfield></datafield><datafield tag="880" ind1="3" ind2=" "><subfield code="6">246-05/</subfield><subfield code="a">مهمات المفتي</subfield></datafield><datafield tag="880" ind1="3" ind2=" "><subfield code="6">246-04/</subfield><subfield code="a">مهمات في فروع</subfield></datafield><datafield tag="880" ind1="1" ind2="0"><subfield code="6">245-03/</subfield><subfield code="a">مهمات كمال پاشا مع بدر الواعظين,</subfield><subfield code="f">[ح 1087ه، 1677م].</subfield></datafield><datafield tag="880" ind1="0" ind2=" "><subfield code="6">100-01/</subfield><subfield code="a">ابن كمال باشا.</subfield></datafield><datafield tag="CID" ind1=" " ind2=" "><subfield code="a">006813258</subfield></datafield><datafield tag="DAT" ind1="0" ind2=" "><subfield code="a">20190719102638.0</subfield><subfield code="b">20190719000000.0</subfield></datafield><datafield tag="DAT" ind1="1" ind2=" "><subfield code="a">20190719090653.0</subfield><subfield code="b">2019-07-19T16:11:43Z</subfield></datafield><datafield tag="DAT" ind1="2" ind2=" "><subfield code="a">2015-10-02T18:00:03Z</subfield></datafield><datafield tag="CAT" ind1=" " ind2=" "><subfield code="a">SDR-MIU</subfield><subfield code="d">EX LIBRIS - ALEPH</subfield><subfield code="l">prepare.pl-004-008</subfield></datafield><datafield tag="FMT" ind1=" " ind2=" "><subfield code="a">BK</subfield></datafield><datafield tag="HOL" ind1=" " ind2=" "><subfield code="0">sdr-miu006813258</subfield><subfield code="a">MiU</subfield><subfield code="b">SDR</subfield><subfield code="c">MIU</subfield><subfield code="p">mdp.39015079128271</subfield><subfield code="s">MIU</subfield><subfield code="1">006813258</subfield></datafield><datafield tag="974" ind1=" " ind2=" "><subfield code="b">MIU</subfield><subfield code="c">MIU</subfield><subfield code="d">20190719</subfield><subfield code="s">lit-dlps-dc</subfield><subfield code="u">mdp.39015079128271</subfield><subfield code="y">1677</subfield><subfield code="r">pd</subfield><subfield code="q">bib</subfield><subfield code="t">non-US bib date1 &lt; 1896</subfield></datafield></record></collection>